@Book{      TYPO:ErsteHilfe,
  author  = {Hans Peter Willberg and Friedrich Forssman},
  title   = {Erste Hilfe in Typografie},
  subtitle = {Ratgeber f{\"u}r Gestaltung mit Schrift},
  publisher = {Verlag Hermann Schmidt},
  year    = 2000,
  address = {Mainz}
}

@Book{      DUDEN,
  author  = {DUDEN},
  title   = {Die deutsche Rechtschreibung},
  publisher = {DUDENVERLAG},
  year    = 1996,
  address = {Mannheim},
  edition = 21
}
